<record><leader>00000cas a22000007a 4500</leader><controlfield tag="001">12073438</controlfield><controlfield tag="008">850523d19021903wiuwr ne      0    0eng d</controlfield><datafield ind1=" " ind2=" " tag="010"><subfield code="a">sn 85040753 </subfield></datafield><datafield ind1=" " ind2=" " tag="040"><subfield code="a">NPV</subfield><subfield code="b">eng</subfield><subfield code="c">NPV</subfield><subfield code="d">OCLCQ</subfield></datafield><datafield ind1=" " ind2=" " tag="042"><subfield code="a">msc</subfield></datafield><datafield ind1=" " ind2=" " tag="045"><subfield code="a">x0x0</subfield></datafield><datafield ind1=" " ind2=" " tag="052"><subfield code="a">4123</subfield><subfield code="b">M3</subfield></datafield><datafield ind1="0" ind2="4" tag="245"><subfield code="a">The North Wausau news.</subfield></datafield><datafield ind1=" " ind2=" " tag="260"><subfield code="a">Wausau, Wis. :</subfield><subfield code="b">W.R. Jaeger &amp; W.E. Brandt,</subfield><subfield code="c">1902-1903.</subfield></datafield><datafield ind1=" " ind2=" " tag="300"><subfield code="a">1 v. :</subfield><subfield code="b">ill.</subfield></datafield><datafield ind1=" " ind2=" " tag="310"><subfield code="a">Weekly</subfield></datafield><datafield ind1="0" ind2=" " tag="362"><subfield code="a">Vol. 2, no. 1 (June 11, 1902)-v. 2, no. 39 (Mar. 4, 1903).</subfield></datafield><datafield ind1=" " ind2=" " tag="500"><subfield code="a">Editors: W.R. Jaeger &amp; W.E. Brandt, June 11, 1902-Oct. 8, 1902; W.R. Jaeger, Oct. 15, 1902-March 4, 1903.</subfield></datafield><datafield ind1=" " ind2=" " tag="525"><subfield code="a">Supplements accompany some issues.</subfield></datafield><datafield ind1=" " ind2=" " tag="530"><subfield code="a">Available on microfilm from The State Historical Society of Wisconsin.</subfield></datafield><datafield ind1=" " ind2=" " tag="752"><subfield code="a">United States</subfield><subfield code="b">Wisconsin</subfield><subfield code="c">Marathon</subfield><subfield code="d">Wausau.</subfield></datafield><datafield ind1="0" ind2="0" tag="780"><subfield code="t">Behind the creek</subfield><subfield code="w">(DLC)sn 85040752</subfield></datafield><datafield ind1="0" ind2="0" tag="785"><subfield code="t">Wausau news</subfield><subfield code="w">(DLC)sn 85040754</subfield></datafield><datafield ind1="1" ind2=" " tag="029"><subfield code="a">AU@</subfield><subfield code="b">000025804965</subfield></datafield></record>